<record><leader>00000cas a22000007a 4500</leader><controlfield tag="001">16144610</controlfield><controlfield tag="008">870708d19661981inuwr ne      0    0eng d</controlfield><datafield ind1=" " ind2=" " tag="010"><subfield code="a">sn 87056418 </subfield></datafield><datafield ind1=" " ind2=" " tag="040"><subfield code="a">NPI</subfield><subfield code="b">eng</subfield><subfield code="c">NPI</subfield><subfield code="d">OCLCQ</subfield></datafield><datafield ind1=" " ind2=" " tag="042"><subfield code="a">msc</subfield></datafield><datafield ind1="0" ind2="4" tag="245"><subfield code="a">The North East topics.</subfield></datafield><datafield ind1="3" ind2="0" tag="246"><subfield code="a">Northeast topics</subfield></datafield><datafield ind1=" " ind2=" " tag="260"><subfield code="a">Indianapolis, Ind. :</subfield><subfield code="b">Phoebe E. Hudler,</subfield><subfield code="c">1966-1981.</subfield></datafield><datafield ind1=" " ind2=" " tag="310"><subfield code="a">Weekly</subfield></datafield><datafield ind1="0" ind2=" " tag="362"><subfield code="a">Vol. 1, no. 1 (Nov. 3, 1966)-v. 16, no. 3 (Oct. 28, 1981).</subfield></datafield><datafield ind1=" " ind2=" " tag="500"><subfield code="a">"One of the three Topics newspapers serving Indianapolis' greater North Side."</subfield></datafield><datafield ind1=" " ind2=" " tag="752"><subfield code="a">United States</subfield><subfield code="b">Indiana</subfield><subfield code="c">Marion</subfield><subfield code="d">Indianapolis.</subfield></datafield><datafield ind1="0" ind2="0" tag="785"><subfield code="t">Castleton banner</subfield><subfield code="w">(DLC)sn 87056577</subfield></datafield></record>